%LAB3 paper

@article{0004-637X-496-1-505,
  author={Bruce T. Cleveland and Timothy Daily and Raymond Davis, Jr. and James R. Distel and Kenneth Lande and C. K. Lee and Paul S.
Wildenhain and Jack Ullman},
  title={Measurement of the Solar Electron Neutrino Flux with the Homestake Chlorine Detector},
  journal={The Astrophysical Journal},
  volume={496},
  number={1},
  pages={505},
  url={http://stacks.iop.org/0004-637X/496/i=1/a=505},
  year={1998}
}

@article{Ahmad:2002jz,
      author         = "Ahmad, Q.R. and others",
      title          = "{Direct evidence for neutrino flavor transformation from neutral current interactions in the Sudbury Neutrino Observatory}",
      collaboration  = "SNO Collaboration",
      journal        = "Phys.Rev.Lett.",
      volume         = "89",
      pages          = "011301",
      doi            = "10.1103/PhysRevLett.89.011301",
      year           = "2002",
      eprint         = "nucl-ex/0204008",
      archivePrefix  = "arXiv",
      primaryClass   = "nucl-ex",
      SLACcitation   = "%%CITATION = NUCL-EX/0204008;%%",                                            
}
@article{Kraus:2004zw,
      author         = "Kraus, Ch. and Bornschein, B. and Bornschein, L. and Bonn, J. and Flatt, B. and others",
      title          = "{Final results from phase II of the Mainz neutrino mass search in tritium beta decay}",
      journal        = "Eur.Phys.J.",
      volume         = "C40",
      pages          = "447-468",
      doi            = "10.1140/epjc/s2005-02139-7",
      year           = "2005",
      eprint         = "hep-ex/0412056",
      archivePrefix  = "arXiv",
      primaryClass   = "hep-ex",
      SLACcitation   = "%%CITATION = HEP-EX/0412056;%%",                                             
}

@article{Beringer:1900zz,
      author         = "Beringer, J. and others",
      title          = "{Review of Particle Physics (RPP)}",
      collaboration  = "Particle Data Group",
      journal        = "Phys.Rev.",
      volume         = "D86",
      pages          = "010001",
      doi            = "10.1103/PhysRevD.86.010001",
      year           = "2012",
      SLACcitation   = "%%CITATION = PHRVA,D86,010001;%%",                                           
}

@article{Hinshaw:2012aka,
      author         = "Hinshaw, G. and others",
      title          = "{Nine-Year Wilkinson Microwave Anisotropy Probe (WMAP)
                        Observations: Cosmological Parameter Results}",
      collaboration  = "WMAP Collaboration",
      year           = "2012",
      eprint         = "1212.5226",
      archivePrefix  = "arXiv",
      primaryClass   = "astro-ph.CO",
      SLACcitation   = "%%CITATION = ARXIV:1212.5226;%%",                                                                                                                                                     
}

@article{Varner2007447,
title = "The large analog bandwidth recorder and digitizer with ordered readout (LABRADOR) \{ASIC\} ",
journal = "Nuclear Instruments and Methods in Physics Research Section A: Accelerators, Spectrometers, Detectors and Associated Equipment ",
volume = "583",
number = "2-3",
pages = "447 - 460",
year = "2007",
note = "",
issn = "0168-9002",
doi = "http://dx.doi.org/10.1016/j.nima.2007.09.013",
url = "http://www.sciencedirect.com/science/article/pii/S0168900207019687",
author = "G.S. Varner and L.L. Ruckman and J.W. Nam and R.J. Nichol and J. Cao and P.W. Gorham and M. Wilcox",
keywords = "Neutrino radio detection",
keywords = "\{VLSI\}",
keywords = "\{CMOS\}",
keywords = "Waveform sampling "
}


@Misc{IRS2,
author = "Varner, G.",
note = "IRS2 Datasheet",
url = "http://www.phys.hawaii.edu/~idlab/taskAndSchedule/ASIC/IRS/IDL_ds_IRS2.pdf"
}

@Misc{AraSim,
author = "Hong, E.",
note   = "Internal ARA note",
url = "http://ara.physics.wisc.edu/docs/0007/000776/001/ARASIM_intro.pdf"
}


%ANITA UHE Limits
@Article{Gorham:2010kv,
     author    = "Gorham, P. W. and others",
 collaboration = "The ANITA",
     title     = "{Observational Constraints on the Ultra-high Energy Cosmic
                  Neutrino Flux from the Second Flight of the ANITA
                  Experiment}",
     journal   = "Phys. Rev.",
     volume    = "D82",
     year      = "2010",
     pages     = "022004",
     eprint    = "1003.2961",
     archivePrefix = "arXiv",
     primaryClass  =  "astro-ph.HE",
     doi       = "10.1103/PhysRevD.82.022004",
     SLACcitation  = "%%CITATION = 1003.2961;%%"                                                     
}
%AUGER UHE Limits
@Article{Abraham:2009eh,
     author    = "Abraham, J. and others",
 collaboration = "The Pierre Auger",
     title     = "{Astrophysical Sources of Cosmic Rays and Related
                  Measurements with the Pierre Auger Observatory}",
     year      = "2009",
     eprint    = "0906.2347",
     archivePrefix = "arXiv",
     primaryClass  =  "astro-ph.HE",
     SLACcitation  = "%%CITATION = 0906.2347;%%"                                                     

}
@Article{PhysRevD.79.102001,
  title = {Limit on the diffuse flux of ultrahigh energy tau neutrinos with the surface detector of \
the Pierre Auger Observatory},
  collaboration = {Pierre Auger Collaboration},
  author = {Abraham, J.  and others},
  journal = {Phys. Rev. D},
  volume = {79},
  number = {10},
  pages = {102001},
  numpages = {15},
  year = {2009},
  month = {May},
  doi = {10.1103/PhysRevD.79.102001},
  publisher = {American Physical Society}
}

%RICE UHE Limits
@article{PhysRevD.73.082002,
  title = {RICE limits on the diffuse ultrahigh energy neutrino flux},
  author = {Kravchenko, I. and Cooley, C. and Hussain, S. and Seckel, D. and Wahrlich, P. and Adams, J. and Churchwell, S. and Harris, P. and Seunarine, S. and Bean, A. and Besson, D. and Graham, S. and Holt, S. and Marfatia, D. and McKay, D. and Meyers, J. and Ralston, J. and Schiel, R. and Swift, H. and Ledford, J. and Ratzlaff, K.},
  journal = {Phys. Rev. D},
  volume = {73},
  issue = {8},
  pages = {082002},
  numpages = {19},
  year = {2006},
  month = {Apr},
  publisher = {American Physical Society},
  doi = {10.1103/PhysRevD.73.082002},
  url = {http://link.aps.org/doi/10.1103/PhysRevD.73.082002}
}

@ARTICLE{Kotera.2010,
    title = "{Cosmogenic neutrinos: parameter space and detectabilty from PeV to ZeV}",
   author = {Kotera, K. and Allard, D. and Olinto, A.~V.},
  journal = {JCAP},
archivePrefix = "arXiv",
   eprint = {1009.1382},
 primaryClass = "astro-ph.HE",
     year = 2010,
    month = oct,
   volume = 10,
      eid = {013},
    pages = {13},
      doi = {10.1088/1475-7516/2010/10/013},
   adsurl = {http://adsabs.harvard.edu/abs/2010JCAP...10..013K},
  adsnote = {Provided by the SAO/NASA Astrophysics Data System}
}


%%http://www.phys.hawaii.edu/~idlab/taskAndSchedule/ASIC/IRS/IDL_ds_IRS2.pdf

@Article{Linsley1963,
  title = {Evidence for a Primary Cosmic-Ray Particle with Energy $10^{20}$ eV},
  author = {Linsley, John },
  journal = {Phys. Rev. Lett.},
  volume = {10},
  number = {4},
  pages = {146--148},
  numpages = {2},
  year = {1963},
  month = {Feb},
  doi = {10.1103/PhysRevLett.10.146},
  publisher = {American Physical Society}
}

@Book{HessNobelLectures,
author = {Hess V.},
title = {Nobel Lectures, Physics 1922-1941},
publisher = {Elsevier Publishing Company},
year = {1965},
}

@Article{Abraham:2010yv,
     author    = "Abraham, J. and others",
 collaboration = "Pierre Auger Observatory",
     title     = "{Measurement of the Depth of Maximum of Extensive Air Showers above $10^18$ eV}",
     journal   = "Phys. Rev. Lett.",
     volume    = "104",
     year      = "2010",
     pages     = "091101",
     eprint    = "1002.0699",
     archivePrefix = "arXiv",
     primaryClass  =  "astro-ph.HE",
     doi       = "10.1103/PhysRevLett.104.091101",
     SLACcitation  = "%%CITATION = 1002.0699;%%"                                                                                                                                                              
}

%GZK proposals                                                                                                                                                                                                
@Article{Greisen:1966jv,
     author    = "Greisen, Kenneth",
     title     = "{End to the cosmic ray spectrum?}",
     journal   = "Phys. Rev. Lett.",
     volume    = "16",
     year      = "1966",
     pages     = "748-750",
     doi       = "10.1103/PhysRevLett.16.748",
     SLACcitation  = "%%CITATION = PRLTA,16,748;%%"                                                                                                                                                           
}
@Article{Zatsepin:1966jv,
     author    = "Zatsepin, G. T. and Kuzmin, V. A.",
     title     = "{Upper limit of the spectrum of cosmic rays}",
     journal   = "JETP Lett.",
     volume    = "4",
     year      = "1966",
     pages     = "78-80",
     SLACcitation  = "%%CITATION = JTPLA,4,78;%%"                                                                                                                                                             
}


@article{PhysRevD.64.093010,
  title = {Neutrinos from propagation of ultrahigh energy protons},
  author = {Engel, Ralph and Seckel, David and Stanev, Todor},
  journal = {Phys. Rev. D},
  volume = {64},
  issue = {9},
  pages = {093010},
  numpages = {10},
  year = {2001},
  month = {Oct},
  publisher = {American Physical Society},
  doi = {10.1103/PhysRevD.64.093010},
  url = {http://link.aps.org/doi/10.1103/PhysRevD.64.093010}
}

@article{Hooper200511,
title = "The impact of heavy nuclei on the cosmogenic neutrino flux ",
journal = "Astroparticle Physics ",
volume = "23",
number = "1",
pages = "11 - 17",
year = "2005",
note = "",
issn = "0927-6505",
doi = "http://dx.doi.org/10.1016/j.astropartphys.2004.11.002",
url = "http://www.sciencedirect.com/science/article/pii/S0927650504001847",
author = "Dan Hooper and Andrew Taylor and Subir Sarkar",
keywords = "Ultra-high energy cosmic rays",
keywords = "Ultra-high energy neutrinos "
}

@Article{Askaryan1962,
     author    = "Askaryan, G. A.",
     title     = "",
     journal   = "JETP",
     volume    = "14",
     year      = "1962",
     pages     = "441"
}
@Article{Askaryan1965,
     author    = "Askaryan, G. A.",
     title     = "",
     journal   = "JETP",
     volume    = "21",
     year      = "1965",
     pages     = "658"
}

@Article{Beresinsky:1969qj,
     author    = "Beresinsky, V. S. and Zatsepin, G. T.",
     title     = "{Cosmic rays at ultrahigh-energies (neutrino?)}",
     journal   = "Phys. Lett.",
     volume    = "B28",
     year      = "1969",
     pages     = "423-424",
     doi       = "10.1016/0370-2693(69)90341-4",
     SLACcitation  = "%%CITATION = PHLTA,B28,423;%%"                                                 
}

@article{Gandhi199681,
title = "Ultrahigh-energy neutrino interactions ",
journal = "Astroparticle Physics ",
volume = "5",
number = "2",
pages = "81 - 110",
year = "1996",
note = "",
issn = "0927-6505",
doi = "http://dx.doi.org/10.1016/0927-6505(96)00008-4",
url = "http://www.sciencedirect.com/science/article/pii/0927650596000084",
author = "Raj Gandhi and Chris Quigg and Mary Hall Reno and Ina Sarcevic",
keywords = "Neutrino astronomy",
keywords = "Neutrino-nucleon scattering",
keywords = "Neutrino-electron scattering "
}
